<?xml version="1.0" encoding="UTF-8"?><collection xmlns="http://www.loc.gov/MARC21/slim"><record><leader>00663nam--2200193-i-4500</leader><controlfield tag="001">000011335</controlfield><controlfield tag="002">20161230</controlfield><controlfield tag="005">20161230201029</controlfield><controlfield tag="008">060222s1000------------r-----000-0-eng-d</controlfield><datafield ind1=" " ind2=" " tag="040"><subfield code="a">IFIN-HH</subfield></datafield><datafield ind1=" " ind2=" " tag="080"><subfield code="a">539.172.3(061.3)</subfield></datafield><datafield ind1="1" ind2=" " tag="100"><subfield code="a">Berman, Barry L</subfield></datafield><datafield ind1="1" ind2="0" tag="245"><subfield code="a">Photonuclear reactions and applications</subfield><subfield code="b">International conference on photonuclear reactions and applications,asilomar conference grounds/pacificgrove/california, march 26-30, 1973</subfield><subfield code="c">Barry l. berman</subfield></datafield><datafield ind1=" " ind2=" " tag="260"><subfield code="a">Livermore</subfield><subfield code="b">University Of California</subfield><subfield code="c">1973</subfield></datafield><datafield ind1=" " ind2=" " tag="300"><subfield code="a">2 VOLUME</subfield></datafield><datafield ind1=" " ind2=" " tag="490"><subfield code="a">Proceedings</subfield></datafield><datafield ind1="1" ind2=" " tag="787"><subfield code="a">Volume Ii</subfield><subfield code="h">/714p./1392 P</subfield></datafield><datafield ind1=" " ind2=" " tag="852"><subfield code="a">42235</subfield></datafield><datafield ind1=" " ind2=" " tag="CAT"><subfield code="a">Sys</subfield><subfield code="c">20120613</subfield><subfield code="h">145646</subfield></datafield></record></collection>